
    <zs:record>
      <zs:recordSchema/>
      <zs:recordPacking>xml</zs:recordPacking>
      <zs:recordData>
        <record xmlns="http://www.loc.gov/MARC21/slim">
          <leader>02109cam a22004817a 4500</leader>
          <controlfield tag="001">18560445</controlfield>
          <controlfield tag="005">20211116153216.0</controlfield>
          <controlfield tag="008">090611r201219uucc a          000 0 chi d</controlfield>
          <datafield tag="906" ind1=" " ind2=" ">
            <subfield code="a">7</subfield>
            <subfield code="b">cbc</subfield>
            <subfield code="c">copycat</subfield>
            <subfield code="d">3</subfield>
            <subfield code="e">ncip</subfield>
            <subfield code="f">20</subfield>
            <subfield code="g">y-nonroman</subfield>
          </datafield>
          <datafield tag="925" ind1="0" ind2=" ">
            <subfield code="a">acquire</subfield>
            <subfield code="b">1 shelf copy</subfield>
            <subfield code="x">policy default</subfield>
          </datafield>
          <datafield tag="955" ind1=" " ind2=" ">
            <subfield code="a">CIB to LC 2015-03-19</subfield>
            <subfield code="b">cc04 2015-07-10</subfield>
            <subfield code="i">cc15 2015-07-13 to Asian</subfield>
            <subfield code="u">cc14 2019-02-01</subfield>
          </datafield>
          <datafield tag="010" ind1=" " ind2=" ">
            <subfield code="a">  2015415738</subfield>
          </datafield>
          <datafield tag="040" ind1=" " ind2=" ">
            <subfield code="a">CIBTC</subfield>
            <subfield code="c">CIBTC</subfield>
            <subfield code="d">DLC</subfield>
          </datafield>
          <datafield tag="041" ind1="1" ind2=" ">
            <subfield code="a">chi</subfield>
            <subfield code="h">eng</subfield>
          </datafield>
          <datafield tag="042" ind1=" " ind2=" ">
            <subfield code="a">lccopycat</subfield>
          </datafield>
          <datafield tag="050" ind1="0" ind2="0">
            <subfield code="a">AC149</subfield>
            <subfield code="b">.M564 2012 vol. F182</subfield>
          </datafield>
          <datafield tag="066" ind1=" " ind2=" ">
            <subfield code="c">$1</subfield>
          </datafield>
          <datafield tag="100" ind1="1" ind2=" ">
            <subfield code="a">Burne, Charlotte Sophia.</subfield>
          </datafield>
          <datafield tag="240" ind1="1" ind2="0">
            <subfield code="a">Questionary and terminology.</subfield>
            <subfield code="l">Chinese</subfield>
          </datafield>
          <datafield tag="245" ind1="1" ind2="0">
            <subfield code="6">880-01</subfield>
            <subfield code="a">Min su xue wen ti ge /</subfield>
            <subfield code="c">Yang Chengzhi yi.</subfield>
          </datafield>
          <datafield tag="880" ind1="1" ind2="0">
            <subfield code="6">245-01/$1</subfield>
            <subfield code="a">民俗學問題格 /</subfield>
            <subfield code="c">楊成志譯.</subfield>
          </datafield>
          <datafield tag="260" ind1=" " ind2=" ">
            <subfield code="6">880-02</subfield>
            <subfield code="a">[Beijing :</subfield>
            <subfield code="b">Beijing zhong xian tuo fang ke ji fa zhan you xian gong si,</subfield>
            <subfield code="c">2012]</subfield>
          </datafield>
          <datafield tag="880" ind1=" " ind2=" ">
            <subfield code="6">260-02/$1</subfield>
            <subfield code="a">[北京 :</subfield>
            <subfield code="b">北京中献拓方科技发展有限公司,</subfield>
            <subfield code="c">2012]</subfield>
          </datafield>
          <datafield tag="300" ind1=" " ind2=" ">
            <subfield code="a">12, 6, 2, 96, 16 p. :</subfield>
            <subfield code="b">ill. ;</subfield>
            <subfield code="c">19 cm.</subfield>
          </datafield>
          <datafield tag="490" ind1="1" ind2=" ">
            <subfield code="6">880-03</subfield>
            <subfield code="a">Minguo ji cui ; M2658P</subfield>
          </datafield>
          <datafield tag="880" ind1="1" ind2=" ">
            <subfield code="6">490-03/$1</subfield>
            <subfield code="a">民国籍粹 ; M2658P</subfield>
          </datafield>
          <datafield tag="490" ind1="1" ind2=" ">
            <subfield code="6">880-04</subfield>
            <subfield code="a">Min su xue hui cong shu</subfield>
          </datafield>
          <datafield tag="880" ind1="1" ind2=" ">
            <subfield code="6">490-04/$1</subfield>
            <subfield code="a">民俗學會叢書</subfield>
          </datafield>
          <datafield tag="500" ind1=" " ind2=" ">
            <subfield code="6">880-05</subfield>
            <subfield code="a">"Guo li Zhongshan da xue yu yan li shi xue yan jiu suo" -- Colophon.</subfield>
          </datafield>
          <datafield tag="880" ind1=" " ind2=" ">
            <subfield code="6">500-05/$1</subfield>
            <subfield code="a">"國立中山大學語言歷史學研究所" -- Colophon.</subfield>
          </datafield>
          <datafield tag="500" ind1=" " ind2=" ">
            <subfield code="6">880-06</subfield>
            <subfield code="a">"Zhe ben xiao ce zi de wen zhang shi The Handbook of Folklore yi shu zhong fu lu de Questionary he terminology."</subfield>
          </datafield>
          <datafield tag="880" ind1=" " ind2=" ">
            <subfield code="6">500-06/$1</subfield>
            <subfield code="a">"這本小冊子的文章是The Handbook of Folklore一書中附錄的Questionary和terminology."</subfield>
          </datafield>
          <datafield tag="500" ind1=" " ind2=" ">
            <subfield code="a">Reprint.</subfield>
          </datafield>
          <datafield tag="500" ind1=" " ind2=" ">
            <subfield code="a">Translation of: Questionary and terminology.</subfield>
          </datafield>
          <datafield tag="650" ind1=" " ind2="0">
            <subfield code="a">Folklore.</subfield>
          </datafield>
          <datafield tag="700" ind1="1" ind2=" ">
            <subfield code="6">880-07</subfield>
            <subfield code="a">Yang, Chengzhi,</subfield>
            <subfield code="d">1902-1991.</subfield>
          </datafield>
          <datafield tag="880" ind1="1" ind2=" ">
            <subfield code="6">700-07/$1</subfield>
            <subfield code="a">楊成志,</subfield>
            <subfield code="d">1902-1991.</subfield>
          </datafield>
          <datafield tag="830" ind1=" " ind2="0">
            <subfield code="6">880-08</subfield>
            <subfield code="a">Minguo ji cui ; M2658P.</subfield>
          </datafield>
          <datafield tag="880" ind1=" " ind2="0">
            <subfield code="6">830-08/$1</subfield>
            <subfield code="a">民国籍粹 ; M2658P.</subfield>
          </datafield>
          <datafield tag="830" ind1=" " ind2="0">
            <subfield code="6">880-09</subfield>
            <subfield code="a">Min su xue hui cong shu.</subfield>
          </datafield>
          <datafield tag="880" ind1=" " ind2="0">
            <subfield code="6">830-09/$1</subfield>
            <subfield code="a">民俗學會叢書.</subfield>
          </datafield>
          <datafield tag="923" ind1=" " ind2=" ">
            <subfield code="d">20150317</subfield>
            <subfield code="n">TSE2015CB02803FG</subfield>
            <subfield code="s">CIB</subfield>
          </datafield>
          <datafield tag="985" ind1=" " ind2=" ">
            <subfield code="a">CIBTC load</subfield>
            <subfield code="d">2015-04-07</subfield>
          </datafield>
        </record>
      </zs:recordData>
      <zs:recordPosition>4</zs:recordPosition>
    </zs:record>